@article{kohler2002principles,
  title={The principles of software QRS detection},
  author={Kohler, B-U and Hennig, Carsten and Orglmeister, Reinhold},
  journal={IEEE Engineering in Medicine and biology Magazine},
  volume={21},
  number={1},
  pages={42--57},
  year={2002},
  publisher={IEEE}
}

@article{jager2003long,
  title={Long-term ST database: a reference for the development and evaluation of automated ischaemia detectors and for the study of the dynamics of myocardial ischaemia},
  author={Jager, Franc and Taddei, Alessandro and Moody, George B and Emdin, Michele and Antoli{\v{c}}, G and Dorn, Roman and Smrdel, Ales and Marchesi, Carlo and Mark, Roger G},
  journal={Medical and Biological Engineering and Computing},
  volume={41},
  number={2},
  pages={172--182},
  year={2003},
  publisher={Springer}
}

@article{goldberger2000physiobank,
  title={PhysioBank, PhysioToolkit, and PhysioNet: components of a new research resource for complex physiologic signals},
  author={Goldberger, Ary L and Amaral, Luis AN and Glass, Leon and Hausdorff, Jeffrey M and Ivanov, Plamen Ch and Mark, Roger G and Mietus, Joseph E and Moody, George B and Peng, Chung-Kang and Stanley, H Eugene},
  journal={circulation},
  volume={101},
  number={23},
  pages={e215--e220},
  year={2000},
  publisher={Am Heart Assoc}
}

@article{moody2001impact,
  title={The impact of the MIT-BIH arrhythmia database},
  author={Moody, George B and Mark, Roger G},
  journal={IEEE Engineering in Medicine and Biology Magazine},
  volume={20},
  number={3},
  pages={45--50},
  year={2001},
  publisher={IEEE}
}

@article{singh2014automatic,
  title={Automatic classification of cardiac signals using LDA and QDA},
  author={Singh, Parminder and Sharma, Rajesh},
  journal={IJRECE},
  volume={2},
  number={4},
  pages={129--131},
  year={2014}
}

@inproceedings{chen2003development,
  title={Development of a real-time QRS beat classifier using a nonlinear trimmed moving averaging-based system},
  author={Chen, SW and Chen, HC},
  booktitle={Computers in Cardiology, 2003},
  pages={577--580},
  year={2003},
  organization={IEEE}
}

@article{abibullaev2011new,
  title={A new QRS detection method using wavelets and artificial neural networks},
  author={Abibullaev, Berdakh and Seo, Hee Don},
  journal={Journal of medical systems},
  volume={35},
  number={4},
  pages={683--691},
  year={2011},
  publisher={Springer}
}
